%%%%%%%%%%% mybib.bib %%%%%%%%%%%%%%%%%%%
@article{Guttman,
  title={Authentication tests and the structure of bundles},
  author={Guttman, Joshua D and Thayer, F Javier},
  journal={Theoretical computer science},
  volume={283},
  number={2},
  pages={333--380},
  year={2002},
  publisher={Elsevier}
}

@article{ss,
  title={Strand spaces: Proving security protocols correct},
  author={F{\'a}brega, F Javier Thayer and Herzog, Jonathan C and Guttman, Joshua D},
  journal={Journal of computer security},
  volume={7},
  number={2},
  pages={191--230},
  year={1999},
  publisher={IOS Press}
}

@article{chlipala2010introduction,
  title={An Introduction to Programming and Proving with Dependent Types in Coq.},
  author={Chlipala, Adam},
  journal={J. Formalized Reasoning},
  volume={3},
  number={2},
  pages={1--93},
  year={2010}
}

@article{bertot2004coq,
  title={Coq’Art},
  author={Bertot, Yves and Cast{\'e}ran, Pierre},
  journal={by Springer-Verlag},
  year={2004}
}

@inproceedings{guttman2000authentication,
  title={Authentication tests},
  author={Guttman, Joshua D and Thayer, F Javier},
  booktitle={Security and Privacy, 2000. S\&P 2000. Proceedings. 2000 IEEE Symposium on},
  pages={96--109},
  year={2000},
  organization={IEEE}
}

@incollection{paulin2012introduction,
  title={Introduction to the Coq proof-assistant for practical software verification},
  author={Paulin-Mohring, Christine},
  booktitle={Tools for Practical Software Verification},
  pages={45--95},
  year={2012},
  publisher={Springer}
}

@inproceedings{thayer1998strand,
  title={Strand spaces: why is a security protocol correct?},
  author={Thayer Fabrega, FJ and Herzog, Jonathan C and Guttman, Joshua D},
  booktitle={Security and Privacy, 1998. Proceedings. 1998 IEEE Symposium on},
  pages={160--171},
  year={1998},
  organization={IEEE}
}

@inproceedings{blanchet2007cryptoverif,
  title={CryptoVerif: Computationally sound mechanized prover for cryptographic protocols},
  author={Blanchet, Bruno},
  booktitle={Dagstuhl seminar “Formal Protocol Verification Applied},
  pages={117},
  year={2007}
}

@misc{SpiCalculus,
      title = "Spi Calculus Talks",
      author = "Sébastien Briais",
      howpublished = "url\{http://sbriais.free.fr/talks/talk_msr.pdf}",
      year = "2007",
      month = "November"
}

@misc{certiCrypt,
      title = "CertiCrypt Website",
      author = "IMDEA Software Institute, INRIA Sophia-Antipolis Méditerranée",
      howpublished = "\url{http://certicrypt.gforge.inria.fr/}",
      year = "2015",
      month = "March"
}

@misc{certiCrypt2,
      title = "swMath Website",
      author = "Barthe Gilles, Grégoire Benjamin, Zanella Béguelin",
      howpublished = "\url{http://www.swmath.org/software/9443}",
      year = "2015",
      month = "March"
}

%%%%%%%%%%%%% end %%%%%%%%%%%%%%%%%%%%%%